<record><leader>00000cas a22000007a 4500</leader><controlfield tag="001">17499625</controlfield><controlfield tag="008">880218d1883188upauwr ne      0    0eng d</controlfield><datafield ind1=" " ind2=" " tag="010"><subfield code="a">sn 88079122 </subfield></datafield><datafield ind1=" " ind2=" " tag="040"><subfield code="a">NPH</subfield><subfield code="b">eng</subfield><subfield code="c">NPH</subfield><subfield code="d">OCLCQ</subfield></datafield><datafield ind1=" " ind2=" " tag="042"><subfield code="a">msc</subfield></datafield><datafield ind1="0" ind2=" " tag="130"><subfield code="a">Sentinel (Montrose, Pa.)</subfield></datafield><datafield ind1="1" ind2="4" tag="245"><subfield code="a">The sentinel.</subfield></datafield><datafield ind1=" " ind2=" " tag="260"><subfield code="a">Montrose, Pa. :</subfield><subfield code="b">[s.n.]</subfield></datafield><datafield ind1=" " ind2=" " tag="300"><subfield code="a">v. ;</subfield><subfield code="c">41 cm.</subfield></datafield><datafield ind1=" " ind2=" " tag="310"><subfield code="a">Weekly</subfield></datafield><datafield ind1="1" ind2=" " tag="362"><subfield code="a">Began in May 1883.</subfield><subfield code="z">Cf. Stocker, R.M. Centennial history of Susquehanna Co., Pa.</subfield></datafield><datafield ind1=" " ind2=" " tag="500"><subfield code="a">Editor: Stephen J. Northrop.</subfield></datafield><datafield ind1=" " ind2=" " tag="588"><subfield code="a">Description based on: Vol. 2, no. 47 (Apr. 16, 1885).</subfield></datafield><datafield ind1=" " ind2=" " tag="752"><subfield code="a">United States</subfield><subfield code="b">Pennsylvania</subfield><subfield code="c">Susquehanna</subfield><subfield code="d">Montrose.</subfield></datafield><datafield ind1="0" ind2="0" tag="785"><subfield code="t">Montrose sentinel</subfield><subfield code="w">(DLC)sn 88079123</subfield></datafield><datafield ind1="1" ind2=" " tag="029"><subfield code="a">AU@</subfield><subfield code="b">000025787793</subfield></datafield></record>